[gd_scene load_steps=19 format=2]

[ext_resource path="res://baseq3/maps/world.map" type="PackedScene" id=2]
[ext_resource path="res://laboratories/map_io/practical/spinner.gd" type="Script" id=3]
[ext_resource path="res://laboratories/map_io/practical/lightmap/test.lmbake" type="BakedLightmapData" id=4]
[ext_resource path="res://laboratories/map_io/practical/lamp_obj.tscn" type="PackedScene" id=5]
[ext_resource path="res://laboratories/map_io/practical/setuppvs.gd" type="Script" id=6]
[ext_resource path="res://baseq3/textures/lab/metal.png" type="Texture" id=7]
[ext_resource path="res://laboratories/map_io/practical/lamp_fullbake_obj.tscn" type="PackedScene" id=8]
[ext_resource path="res://baseq3/textures/lab/hastily_faked_dirt.tres" type="Material" id=9]
[ext_resource path="res://laboratories/common/switchable_camera.tscn" type="PackedScene" id=10]
[ext_resource path="res://laboratories/common/render_stats.gd" type="Script" id=11]
[ext_resource path="res://laboratories/map_io/practical/lighting_environment_sky.tres" type="ProceduralSky" id=13]

[sub_resource type="SpatialMaterial" id=1]
albedo_texture = ExtResource( 7 )

[sub_resource type="QuadMesh" id=2]

[sub_resource type="SphereShape" id=7]
radius = 0.5

[sub_resource type="SphereMesh" id=8]

[sub_resource type="SpatialMaterial" id=9]
albedo_color = Color( 0.392157, 0.392157, 0.392157, 1 )

[sub_resource type="Animation" id=10]
length = 0.001
tracks/0/type = "value"
tracks/0/path = NodePath("RoomManager/MovingPlatformTest:translation")
tracks/0/interp = 1
tracks/0/loop_wrap = true
tracks/0/imported = false
tracks/0/enabled = true
tracks/0/keys = {
"times": PoolRealArray( 0 ),
"transitions": PoolRealArray( 1 ),
"update": 0,
"values": [ Vector3( -5, 1.5, 4 ) ]
}

[sub_resource type="Animation" id=11]
resource_name = "mainloop"
length = 10.0
loop = true
tracks/0/type = "value"
tracks/0/path = NodePath("RoomManager/MovingPlatformTest:translation")
tracks/0/interp = 1
tracks/0/loop_wrap = true
tracks/0/imported = false
tracks/0/enabled = true
tracks/0/keys = {
"times": PoolRealArray( 0, 5 ),
"transitions": PoolRealArray( 1, 1 ),
"update": 0,
"values": [ Vector3( -5, 1.5, 4 ), Vector3( 4, 1.5, 4 ) ]
}

[node name="MapIOSimple" type="Spatial"]

[node name="VBoxContainer" type="VBoxContainer" parent="."]
anchor_right = 1.0
anchor_bottom = 1.0
__meta__ = {
"_edit_use_anchors_": false
}

[node name="LabSelectorAttachmentPoint" type="Node" parent="VBoxContainer"]

[node name="HBoxContainer" type="HBoxContainer" parent="VBoxContainer"]
margin_right = 1024.0
margin_bottom = 600.0
size_flags_vertical = 3

[node name="PanelContainer" type="PanelContainer" parent="VBoxContainer/HBoxContainer"]
margin_right = 187.0
margin_bottom = 97.0
size_flags_vertical = 0

[node name="VBoxContainer" type="VBoxContainer" parent="VBoxContainer/HBoxContainer/PanelContainer"]
margin_left = 7.0
margin_top = 7.0
margin_right = 180.0
margin_bottom = 90.0

[node name="Label" type="Label" parent="VBoxContainer/HBoxContainer/PanelContainer/VBoxContainer"]
margin_right = 173.0
margin_bottom = 65.0
text = "Camera: WASD/IJKL
Q/E control speed
TAB: First-person character
 + mouse-controlled cam."

[node name="RenderStats" type="Label" parent="VBoxContainer/HBoxContainer/PanelContainer/VBoxContainer"]
margin_top = 69.0
margin_right = 173.0
margin_bottom = 83.0
script = ExtResource( 11 )

[node name="Spatial" parent="." instance=ExtResource( 10 )]
transform = Transform( 1, 0, 0, 0, 1, 0, 0, 0, 1, 0.001, 0, 7 )

[node name="CSGBox" type="CSGBox" parent="."]
transform = Transform( 0.399306, 0.258747, 0.153637, -0.271902, 0.419606, -1.1915e-07, -0.128934, -0.0835479, 0.475811, 0, 1.51462, 0 )
portal_mode = 2
include_in_bound = false
use_collision = true
material = SubResource( 1 )
script = ExtResource( 3 )

[node name="Waterbx2" type="MeshInstance" parent="."]
transform = Transform( 64, 0, 0, 0, -2.79753e-06, 1, 0, -64, -4.37114e-08, 0, -2, 0 )
portal_mode = 3
cast_shadow = 2
use_in_baked_light = true
generate_lightmap = false
mesh = SubResource( 2 )
skeleton = NodePath("../RoomManager")
material/0 = ExtResource( 9 )

[node name="StaticBody" parent="." instance=ExtResource( 5 )]
transform = Transform( 1, 0, 0, 0, 1, 0, 0, 0, 1, 0.001, 3.5, 0 )

[node name="FB" parent="." instance=ExtResource( 8 )]
transform = Transform( -4.37114e-08, 0, 1, 0, 1, 0, -1, 0, -4.37114e-08, -28, 3.5, 0 )

[node name="FB2" parent="." instance=ExtResource( 8 )]
transform = Transform( -4.37114e-08, 0, 1, 0, 1, 0, -1, 0, -4.37114e-08, 28, 3.5, 0 )

[node name="MeshInstance" type="RigidBody" parent="."]
transform = Transform( 1, 0, 0, 0, 1, 0, 0, 0, 1, -15, 0.5, 0 )

[node name="CollisionShape" type="CollisionShape" parent="MeshInstance"]
shape = SubResource( 7 )

[node name="MeshInstance" type="MeshInstance" parent="MeshInstance"]
transform = Transform( 0.5, 0, 0, 0, 0.5, 0, 0, 0, 0.5, 0, 0, 0 )
portal_mode = 2
mesh = SubResource( 8 )
material/0 = SubResource( 9 )

[node name="LG" type="Spatial" parent="."]

[node name="FB3" parent="LG" instance=ExtResource( 8 )]
transform = Transform( -4.37114e-08, 0, 1, 0, 1, 0, -1, 0, -4.37114e-08, 0, 3.5, 20 )

[node name="FB4" parent="LG" instance=ExtResource( 8 )]
transform = Transform( -4.37114e-08, 0, 1, 0, 1, 0, -1, 0, -4.37114e-08, 0, 3.5, -20 )

[node name="LG2" type="Spatial" parent="."]
transform = Transform( 1, 0, 0, 0, 1, 0, 0, 0, 1, -27.99, 0, 0 )

[node name="FB3" parent="LG2" instance=ExtResource( 8 )]
transform = Transform( -4.37114e-08, 0, 1, 0, 1, 0, -1, 0, -4.37114e-08, 0, 3.5, 20 )

[node name="FB4" parent="LG2" instance=ExtResource( 8 )]
transform = Transform( -4.37114e-08, 0, 1, 0, 1, 0, -1, 0, -4.37114e-08, 0, 3.5, -20 )

[node name="LG3" type="Spatial" parent="."]
transform = Transform( 1, 0, 0, 0, 1, 0, 0, 0, 1, 27.99, 0, 0 )

[node name="FB3" parent="LG3" instance=ExtResource( 8 )]
transform = Transform( -4.37114e-08, 0, 1, 0, 1, 0, -1, 0, -4.37114e-08, 0, 3.5, 20 )

[node name="FB4" parent="LG3" instance=ExtResource( 8 )]
transform = Transform( -4.37114e-08, 0, 1, 0, 1, 0, -1, 0, -4.37114e-08, 0, 3.5, -20 )

[node name="RoomManager" parent="." instance=ExtResource( 2 )]

[node name="MovingPlatformTest" parent="RoomManager" index="7"]
transform = Transform( 1, 0, 0, 0, 1, 0, 0, 0, 1, -5, 1.5, 4 )

[node name="SetupPVS" type="Node" parent="RoomManager"]
script = ExtResource( 6 )

[node name="BakedLightmap" type="BakedLightmap" parent="."]
extents = Vector3( 41.6069, 10, 27.9823 )
use_hdr = false
use_color = false
environment_mode = 2
environment_custom_sky = ExtResource( 13 )
environment_custom_sky_rotation_degrees = Vector3( 0, 0, 0 )
environment_custom_energy = 1.0
capture_enabled = false
light_data = ExtResource( 4 )

[node name="AnimationPlayer" type="AnimationPlayer" parent="."]
autoplay = "mainloop"
anims/RESET = SubResource( 10 )
anims/mainloop = SubResource( 11 )

[editable path="RoomManager"]
